<?xml version="1.0"?>
<CBIPaymentRequest xmlns="urn:CBI:xsd:CBIPaymentRequest.00.04.00"><GrpHdr><MsgId>Wiz20230601n2/2023-06-16T17:11:19</MsgId><CreDtTm>2023-06-16T17:11:19Z</CreDtTm><NbOfTxs>7</NbOfTxs><CtrlSum>7</CtrlSum><InitgPty><Nm>UNION GAS METANO S.P.A.</Nm><Id><OrgId><Othr><Id>0274005M</Id><Issr>CBI</Issr></Othr></OrgId></Id></InitgPty></GrpHdr><PmtInf><PmtInfId>Wiz20230601n2/2023-06-16</PmtInfId><PmtMtd>TRF</PmtMtd><PmtTpInf><SvcLvl><Cd>SEPA</Cd></SvcLvl></PmtTpInf><ReqdExctnDt>2023-06-16</ReqdExctnDt><Dbtr><Nm>UNION GAS METANO S.P.A.</Nm><PstlAdr><StrtNm>VIA DOMENICO SCARLATTI</StrtNm><PstCd>20124</PstCd><TwnNm>MILANO</TwnNm><CtrySubDvsn>MILANO</CtrySubDvsn><Ctry>IT</Ctry><AdrLine>VIA DOMENICO SCARLATTI, 20124, MILANO, Milano, IT</AdrLine></PstlAdr><Id><OrgId><Othr><Id>IT03163990611</Id><Issr>ADE</Issr></Othr></OrgId></Id></Dbtr><DbtrAcct><Id><IBAN>IT20N0200803443000106126726</IBAN></Id></DbtrAcct><DbtrAgt><FinInstnId><BIC>BCITITMMXXX</BIC><ClrSysMmbId><MmbId>02008</MmbId></ClrSysMmbId></FinInstnId></DbtrAgt><ChrgBr>SLEV</ChrgBr><CdtTrfTxInf><PmtId><InstrId>2</InstrId><EndToEndId>2</EndToEndId></PmtId><PmtTpInf><CtgyPurp><Cd>SUPP</Cd></CtgyPurp></PmtTpInf><Amt><InstdAmt Ccy="EUR">1.00</InstdAmt></Amt><Cdtr><Nm>ABATE MARIA ASSUNTA</Nm></Cdtr><CdtrAcct><Id><IBAN>IT93Q0623003415000056965393</IBAN></Id></CdtrAcct><RmtInf><Ustrd>Rimborso id 19860</Ustrd></RmtInf></CdtTrfTxInf><CdtTrfTxInf><PmtId><InstrId>3</InstrId><EndToEndId>3</EndToEndId></PmtId><PmtTpInf><CtgyPurp><Cd>SUPP</Cd></CtgyPurp></PmtTpInf><Amt><InstdAmt Ccy="EUR">1.00</InstdAmt></Amt><Cdtr><Nm>ALAGNA MARIA</Nm></Cdtr><CdtrAcct><Id><IBAN>IT55J3608105138271409771418</IBAN></Id></CdtrAcct><RmtInf><Ustrd>Rimborso id 148357</Ustrd></RmtInf></CdtTrfTxInf><CdtTrfTxInf><PmtId><InstrId>4</InstrId><EndToEndId>4</EndToEndId></PmtId><PmtTpInf><CtgyPurp><Cd>SUPP</Cd></CtgyPurp></PmtTpInf><Amt><InstdAmt Ccy="EUR">1.00</InstdAmt></Amt><Cdtr><Nm>APPOLLONI AURELIO</Nm></Cdtr><CdtrAcct><Id><IBAN>IT53L0306234210000002388447</IBAN></Id></CdtrAcct><RmtInf><Ustrd>Rimborso id 57192</Ustrd></RmtInf></CdtTrfTxInf><CdtTrfTxInf><PmtId><InstrId>5</InstrId><EndToEndId>5</EndToEndId></PmtId><PmtTpInf><CtgyPurp><Cd>SUPP</Cd></CtgyPurp></PmtTpInf><Amt><InstdAmt Ccy="EUR">1.00</InstdAmt></Amt><Cdtr><Nm>ARRIGO GIUSEPPE</Nm></Cdtr><CdtrAcct><Id><IBAN>IT70S0200843200000300253033</IBAN></Id></CdtrAcct><RmtInf><Ustrd>Rimborso id 38285</Ustrd></RmtInf></CdtTrfTxInf><CdtTrfTxInf><PmtId><InstrId>6</InstrId><EndToEndId>6</EndToEndId></PmtId><PmtTpInf><CtgyPurp><Cd>SUPP</Cd></CtgyPurp></PmtTpInf><Amt><InstdAmt Ccy="EUR">1.00</InstdAmt></Amt><Cdtr><Nm>BANCHERO FABRIZIO</Nm></Cdtr><CdtrAcct><Id><IBAN>IT69V0301503200000002930425</IBAN></Id></CdtrAcct><RmtInf><Ustrd>Rimborso id 178933</Ustrd></RmtInf></CdtTrfTxInf><CdtTrfTxInf><PmtId><InstrId>7</InstrId><EndToEndId>7</EndToEndId></PmtId><PmtTpInf><CtgyPurp><Cd>SUPP</Cd></CtgyPurp></PmtTpInf><Amt><InstdAmt Ccy="EUR">1.00</InstdAmt></Amt><Cdtr><Nm>BARRA GIUSEPPE</Nm></Cdtr><CdtrAcct><Id><IBAN>IT37J0310439840000000826744</IBAN></Id></CdtrAcct><RmtInf><Ustrd>Rimborso id 82117</Ustrd></RmtInf></CdtTrfTxInf><CdtTrfTxInf><PmtId><InstrId>8</InstrId><EndToEndId>8</EndToEndId></PmtId><PmtTpInf><CtgyPurp><Cd>SUPP</Cd></CtgyPurp></PmtTpInf><Amt><InstdAmt Ccy="EUR">1.00</InstdAmt></Amt><Cdtr><Nm>BASILE SERENA</Nm></Cdtr><CdtrAcct><Id><IBAN>IT22X0760105138257495657501</IBAN></Id></CdtrAcct><RmtInf><Ustrd>Rimborso id 190663</Ustrd></RmtInf></CdtTrfTxInf></PmtInf></CBIPaymentRequest>
